<record><leader>00000cas a2200000 a 4500</leader><controlfield tag="001">9103219</controlfield><controlfield tag="008">830106d19801997nyuwn ne      0   a0eng c</controlfield><datafield ind1=" " ind2=" " tag="010"><subfield code="a">sn 83000714 </subfield></datafield><datafield ind1=" " ind2=" " tag="040"><subfield code="a">NSD</subfield><subfield code="b">eng</subfield><subfield code="c">NSD</subfield><subfield code="d">NYS</subfield><subfield code="d">OCLCQ</subfield><subfield code="d">OCLCF</subfield><subfield code="d">OCLCO</subfield></datafield><datafield ind1=" " ind2=" " tag="012"><subfield code="j">0</subfield><subfield code="k">1</subfield><subfield code="l">p</subfield><subfield code="m">d</subfield></datafield><datafield ind1="1" ind2=" " tag="022"><subfield code="a">0745-3477</subfield><subfield code="l">0745-3477</subfield><subfield code="y">0745-3497</subfield><subfield code="2">1</subfield></datafield><datafield ind1="1" ind2=" " tag="029"><subfield code="a">AU@</subfield><subfield code="b">000020417315</subfield></datafield><datafield ind1=" " ind2=" " tag="037"><subfield code="b">Hastings Enterprises, Inc., 5 Boulanger Plaza, Hastings-on-Hudson, N.Y. 10706</subfield></datafield><datafield ind1=" " ind2=" " tag="042"><subfield code="a">nsdp</subfield><subfield code="a">pcc</subfield></datafield><datafield ind1=" " ind2=" " tag="043"><subfield code="a">n-us-ny</subfield></datafield><datafield ind1="0" ind2=" " tag="130"><subfield code="a">Enterprise (Hastings-on-Hudson, N.Y.)</subfield></datafield><datafield ind1=" " ind2="0" tag="222"><subfield code="a">Enterprise</subfield><subfield code="b">(Hastings-on-Hudson, N.Y.)</subfield></datafield><datafield ind1="1" ind2="4" tag="245"><subfield code="a">The enterprise.</subfield></datafield><datafield ind1=" " ind2=" " tag="260"><subfield code="a">Hastings-on-Hudson, N.Y. :</subfield><subfield code="b">Hastings Enterprises, Inc.,</subfield><subfield code="c">1980-1997.</subfield></datafield><datafield ind1=" " ind2=" " tag="300"><subfield code="a">v.</subfield></datafield><datafield ind1=" " ind2=" " tag="310"><subfield code="a">Weekly (except Christmas),</subfield><subfield code="b">&lt;Jan. 12, 1984-&gt;</subfield></datafield><datafield ind1=" " ind2=" " tag="321"><subfield code="a">Biweekly,</subfield><subfield code="b">Aug. 28, 1980-</subfield></datafield><datafield ind1=" " ind2=" " tag="321"><subfield code="a">Weekly (except July 15, Aug. 5, and Dec. 30),</subfield><subfield code="b">&lt;July 29, 1982-&gt;</subfield></datafield><datafield ind1="0" ind2=" " tag="362"><subfield code="a">Vol. 5, no. 14 (Aug. 28, 1980)-v. 22, no. 51 (Aug. 29, 1997).</subfield></datafield><datafield ind1=" " ind2=" " tag="500"><subfield code="a">Continues the numbering of The Hastings enterprise.</subfield></datafield><datafield ind1=" " ind2=" " tag="500"><subfield code="a">"Serving the communities of Hastings-on-Hudson and Dobbs Ferry."</subfield></datafield><datafield ind1=" " ind2=" " tag="500"><subfield code="a">"The hometown newspaper devoted to Hastings-on-Hudson, Dobbs Ferry, Ardsley and Irvington," 1984.</subfield></datafield><datafield ind1=" " ind2=" " tag="500"><subfield code="a">Publisher: W.H. White Publications, Oct. 25, 1984-</subfield></datafield><datafield ind1=" " ind2=" " tag="530"><subfield code="a">Available on microfilm from Syracuse Microfilm Co., Inc. at Hastings-on-Hudson Public Library.</subfield></datafield><datafield ind1=" " ind2=" " tag="588"><subfield code="a">Description based on: Vol. 7, nos. 46 &amp; 47 (Thursday, July 29, and Aug. 5, 1982).</subfield></datafield><datafield ind1=" " ind2="0" tag="651"><subfield code="a">Ardsley (N.Y.)</subfield><subfield code="v">Newspapers.</subfield></datafield><datafield ind1=" " ind2="0" tag="651"><subfield code="a">Dobbs Ferry (N.Y.)</subfield><subfield code="v">Newspapers.</subfield></datafield><datafield ind1=" " ind2="0" tag="651"><subfield code="a">Hastings on Hudson (N.Y.)</subfield><subfield code="v">Newspapers.</subfield></datafield><datafield ind1=" " ind2="0" tag="651"><subfield code="a">Irvington (N.Y.)</subfield><subfield code="v">Newspapers.</subfield></datafield><datafield ind1=" " ind2="0" tag="651"><subfield code="a">Westchester County (N.Y.)</subfield><subfield code="v">Newspapers.</subfield></datafield><datafield ind1=" " ind2="7" tag="655"><subfield code="a">Newspapers.</subfield><subfield code="2">fast</subfield><subfield code="0">(OCoLC)fst01423814</subfield></datafield><datafield ind1=" " ind2="7" tag="651"><subfield code="a">New York (State)</subfield><subfield code="z">Ardsley.</subfield><subfield code="2">fast</subfield><subfield code="0">(OCoLC)fst01230415</subfield></datafield><datafield ind1=" " ind2="7" tag="651"><subfield code="a">New York (State)</subfield><subfield code="z">Dobbs Ferry.</subfield><subfield code="2">fast</subfield><subfield code="0">(OCoLC)fst01224192</subfield></datafield><datafield ind1=" " ind2="7" tag="651"><subfield code="a">New York (State)</subfield><subfield code="z">Hastings on Hudson.</subfield><subfield code="2">fast</subfield><subfield code="0">(OCoLC)fst01218572</subfield></datafield><datafield ind1=" " ind2="7" tag="651"><subfield code="a">New York (State)</subfield><subfield code="z">Irvington.</subfield><subfield code="2">fast</subfield><subfield code="0">(OCoLC)fst01221672</subfield></datafield><datafield ind1=" " ind2="7" tag="651"><subfield code="a">New York (State)</subfield><subfield code="z">Westchester County.</subfield><subfield code="2">fast</subfield><subfield code="0">(OCoLC)fst01202684</subfield></datafield><datafield ind1=" " ind2=" " tag="752"><subfield code="a">United States</subfield><subfield code="b">New York</subfield><subfield code="c">Westchester</subfield><subfield code="d">Hastings-on-Hudson.</subfield></datafield><datafield ind1="0" ind2="0" tag="780"><subfield code="a">Hastings enterprise</subfield><subfield code="w">(DLC)sn 88075752</subfield><subfield code="w">(OCoLC)18446733</subfield></datafield><datafield ind1="0" ind2="0" tag="785"><subfield code="t">Rivertowns enterprise</subfield><subfield code="x">1096-259X</subfield><subfield code="w">(DLC)sn 97002037</subfield><subfield code="w">(OCoLC)37744763</subfield></datafield></record>